@inproceedings{li2011human,
 address = {Shanghai, China},
 author = {Li, Xu and Yu, Xuegang and Wagh, Aditya and others},
 booktitle = {Proceedings of IEEE International Conference on Computer Communications (INFOCOM)},
 pages = {2174--2182},
 publisher = {IEEE},
 title = {{Human factors-aware service scheduling in vehicular cyber-physical systems}},
 year = {2011}
}

@article{mlika2022deep,
 author = {Mlika, Zoubeir and Cherkaoui, Soumaya},
 journal = {IEEE Transactions on Intelligent Transportation Systems},
 number = {12},
 pages = {23597-23612},
 publisher = {IEEE},
 title = {{Deep deterministic policy gradient to minimize the age of information in cellular V2X communications}},
 volume={23},
 year = {2022}
}

@article{he2021efficient,
 author = {He, Ying and Wang, Yuhang and Yu, F Richard and others},
 journal = {IEEE Transactions on Intelligent Transportation Systems},
 number = {3},
 pages = {2727--2738},
 publisher = {IEEE},
 title = {Efficient resource allocation for multi-beam satellite-terrestrial vehicular networks: A multi-agent actor-critic method with attention mechanism},
 volume = {23},
 year = {2021}
}

@inproceedings{barth2018distributed,
 address = {Vancouver, Canada},
 author = {Gabriel Barth-Maron and Matthew W. Hoffman and David Budden and others},
 booktitle = {Proceedings of International Conference on Learning Representations (ICLR)},
 publisher = {Open Publishing},
 title = {{Distributed distributional deterministic policy gradients}},
 year = {2018}
}

@article{zhang2021adaptive,
 author = {Zhang, Ke and Cao, Jiayu and Zhang, Yan},
 journal = {IEEE Transactions on Industrial Informatics},
 number = {2},
 pages = {1405--1413},
 publisher = {IEEE},
 title = {Adaptive digital twin and multiagent deep reinforcement learning for vehicular edge computing and networks},
 volume = {18},
 year = {2021}
}
